
@misc{logfileprob,
  author = {Kritin Gupta},
  title = {Log File Analysis},
  year = {2025},
  url = {https://docs.google.com/document/d/1d62EVmOt5GksqtLeD88AhQyHx_Rz5F7C},
  note = {Official problem statement}

}

@misc{flaskdocs,
  author       = {Pallets Projects},
  title        = {Flask Documentation (Stable)},
  year         = {2024},
  url          = {https://flask.palletsprojects.com/en/stable/},
  note         = {Accessed: 2025-04-27}
}

@misc{flasktutorial,
  author = {Corey Schafer},
  title = {Flask Tutorials},
  year = {2018},
  url =
  {https://youtube.com/watch?playlist?list=Pl-osiE80TeTs4UjLw5MM6OjgkjFeUxCYH},
  note = {Accessed: 2025-04-28}
}

@misc{learnflaskfreecodecamp,
  author = {FreeCodeCamp},
  title = {Learn Flask for Python},
  year = {2019},
  url = {https://youtube.com/watch?v=Z1RJmh_OqeA\&pp=ygUORmxhc2sgdHV0b3JpYWw\%3D},
  note = {Accessed: 2025-04-28}
}

@manual{gawk-builtin-functions,
  title        = {GNU Awk User's Guide: Built-in Functions},
  author       = {{The GNU Project}},
  organization = {Free Software Foundation},
  year         = {2024},
  url          = {https://www.gnu.org/software/gawk/manual/html_node/Built_002din.html},
  note         = {Accessed: 2025-04-28}
}
